@article{tan2019efficientnet,
  title={EfficientNet: Rethinking Model Scaling for Convolutional Neural Networks},
  author={Mingxing Tan and Quoc V. Le},
  journal={arXiv preprint arXiv:1905.11946},
  year={2019}
}


@article{srivastava2014dropout,
  title={Dropout: A Simple Way to Prevent Neural Networks from Overfitting},
  author={Nitish Srivastava and Geoffrey Hinton and Alex Krizhevsky and Ilya Sutskever and Ruslan Salakhutdinov},
  journal={Journal of Machine Learning Research},
  volume={15},
  pages={1929--1958},
  year={2014}
}

@article{DBLP:journals/corr/SzegedyVISW15,
  author       = {Christian Szegedy and
                  Vincent Vanhoucke and
                  Sergey Ioffe and
                  Jonathon Shlens and
                  Zbigniew Wojna},
  title        = {Rethinking the Inception Architecture for Computer Vision},
  journal      = {CoRR},
  volume       = {abs/1512.00567},
  year         = {2015},
  url          = {http://arxiv.org/abs/1512.00567},
  eprinttype    = {arXiv},
  eprint       = {1512.00567},
  timestamp    = {Mon, 13 Aug 2018 16:49:07 +0200},
  biburl       = {https://dblp.org/rec/journals/corr/SzegedyVISW15.bib},
  bibsource    = {dblp computer science bibliography, https://dblp.org}
}


@article{DBLP:journals/corr/abs-1711-05101,
  author       = {Ilya Loshchilov and
                  Frank Hutter},
  title        = {Fixing Weight Decay Regularization in Adam},
  journal      = {CoRR},
  volume       = {abs/1711.05101},
  year         = {2017},
  url          = {http://arxiv.org/abs/1711.05101},
  eprinttype    = {arXiv},
  eprint       = {1711.05101},
  timestamp    = {Mon, 13 Aug 2018 16:48:18 +0200},
  biburl       = {https://dblp.org/rec/journals/corr/abs-1711-05101.bib},
  bibsource    = {dblp computer science bibliography, https://dblp.org}
}

@misc{lewkowycz2021trainingdynamicsdeepnetworks,
      title={On the training dynamics of deep networks with $L_2$ regularization}, 
      author={Aitor Lewkowycz and Guy Gur-Ari},
      year={2021},
      eprint={2006.08643},
      archivePrefix={arXiv},
      primaryClass={stat.ML},
      url={https://arxiv.org/abs/2006.08643}, 
}
