@article{canny1986computational,
  title={A computational approach to edge detection},
  author={Canny, John},
  journal={IEEE Transactions on pattern analysis and machine intelligence},
  number={6},
  pages={679--698},
  year={1986},
  publisher={Ieee}
}

@inproceedings{frangi1998multiscale,
  title={Multiscale vessel enhancement filtering},
  author={Frangi, Alejandro F and Niessen, Wiro J and Vincken, Koen L and Viergever, Max A},
  booktitle={Medical Image Computing and Computer-Assisted Interventionâ€”MICCAI'98},
  pages={130--137},
  year={1998},
  publisher={Springer}
}

@inproceedings{ronneberger2015u,
  title={U-Net: Convolutional Networks for Biomedical Image Segmentation},
  author={Ronneberger, Olaf and Fischer, Philipp and Brox, Thomas},
  booktitle={International Conference on Medical Image Computing and Computer-Assisted Intervention (MICCAI)},
  year={2015},
  pages={234--241},
  publisher={Springer},
  doi={10.1007/978-3-319-24574-4_28},
}


@online{paxinaOCT,
  author    = {https://eyeguru.org/essentials/interpreting\-octs/},
}

@article{srivastava2014dropout,
  title     = {Dropout: A Simple Way to Prevent Neural Networks from Overfitting},
  author    = {Nitish Srivastava and Geoffrey Hinton and Alex Krizhevsky and Ilya Sutskever and Ruslan Salakhutdinov},
  journal   = {Journal of Machine Learning Research},
  volume    = {15},
  number    = {1},
  pages     = {1929--1958},
  year      = {2014},
  publisher = {JMLR.org}
}

@article{loshchilov2019decoupled,
  title   = {Decoupled Weight Decay Regularization},
  author  = {Ilya Loshchilov and Frank Hutter},
  journal = {arXiv preprint arXiv:1711.05101},
  year    = {2019},
  url     = {https://arxiv.org/abs/1711.05101}
}


@inproceedings{imagenet,
  title     = {ImageNet Classification with Deep Convolutional Neural Networks},
  author    = {Alex Krizhevsky and Ilya Sutskever and Geoffrey E. Hinton},
  booktitle = {Advances in Neural Information Processing Systems},
  volume    = {25},
  pages     = {1097--1105},
  year      = {2012},
  publisher = {Curran Associates, Inc.}
}
